% This file was created with JabRef 2.11b3.
% Encoding: UTF8


@Electronic{wiki_latex,
  Title                    = {The {\LaTeX} Wikibook},
  Author                   = {Wikibook Contributors},
  Url                      = {https://upload.wikimedia.org/wikipedia/commons/2/2d/LaTeX.pdf},
  Year                     = {2008},

  Owner                    = {tmertzi},
  Timestamp                = {2015.07.05}
}

@InProceedings{2011_AIP_Cl44,
  Title                    = {The ground state $g$ factor of {$^{44}$Cl}: a probe for the reduced gaps at {$Z=16$} and {$N=28$}},
  Author                   = {Theo J. Mertzimekis for the E513 Collaboration},
  Booktitle                = {Frontiers In Nuclear Structure and Astrophysics 3: Proceedings of the International Conference},
  Year                     = {2011},

  Address                  = {Rodos, Greece},
  Month                    = {22--27 Aug},
  Pages                    = {395},
  Publisher                = {AIP},
  Volume                   = {1377},

  Doi                      = {10.1063/1.3628424},
  Journal                  = {AIP Conference Proceedings}
}

@Article{2012_PM,
  Title                    = {A microscopic and synchrotron-based characterization of urban particulate matter {(PM$_{10}$-PM$_{2.5}$ and PM$_{2.5}$)} from {Athens} atmosphere, {Greece}},
  Author                   = {A. Godelitsas and P. Nastos and T.J. Mertzimekis and K. Toli and R. Simon and J. GÃ¶ttlicher},
  Journal                  = {NIM B},
  Year                     = {2011},
  Pages                    = {3077},
  Volume                   = {269},

  Doi                      = {10.1016/j.nimb.2011.04.063}
}

@Misc{Mertzimekis2012,
  Title                    = {A {\LaTeX} Thesis Template for {UoA} Physics Students},

  Author                   = {Theo J. Mertzimekis},
  HowPublished             = {http://tinyurl.com/uoaclass},
  Year                     = {2012},

  Organization             = {University of Athens}
}

